@book{Hoffmann-Kunze,
  author    = {K. Hoffmann, R. Kunze},
  title     = {Linear Algebra},
  edition   = {2},
  year      = {2016},
  publisher = {Pearson}
}

